%% Created using Papers on Wed, 23 Nov 2011.
%% http://mekentosj.com/papers/

@webpage{Google:MapReduce,
  title = {{MapReduce}},
  note = {MapReduce: Simplified Data Processing on Large Clusters},
  url = {http://research.google.com/archive/mapreduce.html},
  }

@webpage{git:progit,
  title = {{Pro Git}},
  url = {http://git-scm.com/book},
  author = {Scott {Chacon}},
  year = 2009
}

@book{oreilly:regexref,
  title = {{Regular Expression Pocket Reference}},
  author = {Tony {Stubblebine}},
  year = 2007,
  isbn = {978-0596514273},
  publisher = {O'Reilly}
}

@book{oreilly:svgessentials,
  title = {{SVG Essentials}},
  author = {J. David {Eisenberg}},
  year = 2002,
  isbn = {0-596-00223-8},
  publisher = {O'Reilly}
}
