%%  
%%  @webpage{high-availability,
%%  author = {{Bundesamt für Sicherheit in der Informationstechnik}},
%%  title = {{Hochverfügbarkeitskompendium}},
%%  url = {https://www.bsi.bund.de/cln_174/sid_B3611DB64B2BC9316663302CF7FA086A/DE/Themen/weitereThemen/Hochverfuegbarkeit/HVKompendium/hvkompendium_node.html},
%%  language = {Deutsch},
%%  read = {Yes},
%%  rating = {0},
%%  date-added = {2011-12-07T15:17:26GMT+00:00},
%%  date-modified = {2011-12-07T15:18:33GMT+00:00},
%%  uri = {\url{papers2://publication/uuid/B41439A2-22F3-4134-9443-E54C4BA630DC}}
%%  }



@webpage{wiki:dynamicProgramming,
author = {{Wikipedia}},
title = {{Dynamische Programmierung - Wikipedia, the free encyclopedia}},
url={http://de.wikipedia.org/wiki/Dynamische_Programmierung},
 language = {Deutsch},
read = {Yes},
rating = {0},
date-added = {2011-12-07T15:17:26GMT+00:00},
date-modified = {2011-12-07T15:18:33GMT+00:00},
uri = {\url{papers2://publication/uuid/B41439A2-22F3-4134-9443-E54C4BA630DC}}
}

@webpage{orthodrome,
author = {{movable-type.co.uk}},
title = {{Calculate distance, bearing and more between Latitude/Longitude points}},
url={http://www.movable-type.co.uk/scripts/latlong.html},
 language = {English},
read = {Yes},
rating = {0},
date-added = {2011-12-07T15:17:26GMT+00:00},
date-modified = {2011-12-07T15:18:33GMT+00:00},
uri = {\url{papers2://publication/uuid/B41439A2-22F3-4134-9443-E54C4BA630DC}}
}

@webpage{laengenbreitengrade,
author = {{kowoma.de}},
title = {{Längen und Breitengrade}},
url={http://www.kowoma.de/gps/geo/laengenbreitengrad.htm},
 language = {Deutsch},
read = {Yes},
rating = {0},
date-added = {2011-12-07T15:17:26GMT+00:00},
date-modified = {2011-12-07T15:18:33GMT+00:00},
uri = {\url{papers2://publication/uuid/B41439A2-22F3-4134-9443-E54C4BA630DC}}
}

@webpage{oracle:Collections,
author = {{Oracle}},
title = {{Collections (Java 2 Platform SE v1.4.2)}},
url={http://docs.oracle.com/javase/1.4.2/docs/api/java/util/Collections.html},
 language = {English},
read = {Yes},
rating = {0},
date-added = {2011-12-07T15:17:26GMT+00:00},
date-modified = {2011-12-07T15:18:33GMT+00:00},
uri = {\url{papers2://publication/uuid/B41439A2-22F3-4134-9443-E54C4BA630DC}}
}

@webpage{nauticMile,
author = {{segeln-wissen.de}},
title = {{DIE SEEMEILE}},
url={http://www.segeln-wissen.de/segelwissen/navigation/seemeile.html},
 language = {Deutsch},
read = {Yes},
rating = {0},
date-added = {2011-12-07T15:17:26GMT+00:00},
date-modified = {2011-12-07T15:18:33GMT+00:00},
uri = {\url{papers2://publication/uuid/B41439A2-22F3-4134-9443-E54C4BA630DC}}
}

@webpage{vmodell,
author = {{iabg.de}},
title = {{V-Modell}},
url={http://v-modell.iabg.de/v-modell-xt-html/index.html},
 language = {Deutsch},
read = {Yes},
rating = {0},
date-added = {2011-12-07T15:17:26GMT+00:00},
date-modified = {2011-12-07T15:18:33GMT+00:00},
uri = {\url{papers2://publication/uuid/B41439A2-22F3-4134-9443-E54C4BA630DC}}
}

@webpage{wiki:isochrone,
author = {{Wikipedia}},
title = {{Isochrone - Wikipedia, the free encyclopedia}},
url={http://de.wikipedia.org/wiki/Isochrone},
 language = {Deutsch},
read = {Yes},
rating = {0},
date-added = {2011-12-07T15:17:26GMT+00:00},
date-modified = {2011-12-07T15:18:33GMT+00:00},
uri = {\url{papers2://publication/uuid/B41439A2-22F3-4134-9443-E54C4BA630DC}}
}

@webpage{apachelog4j,
author = {{The Apache Software Foundation}},
title = {{Apache log4j}},
url={http://logging.apache.org/log4j/},
 language = {English},
read = {Yes},
rating = {0},
date-added = {2011-12-07T15:17:26GMT+00:00},
date-modified = {2011-12-07T15:18:33GMT+00:00},
uri = {\url{papers2://publication/uuid/B41439A2-22F3-4134-9443-E54C4BA630DC}}
}

@webpage{junitTest,
author = {{Frank Westphal}},
title = {{Unit Tests mit JUnit}},
url={http://www.frankwestphal.de/UnitTestingmitJUnit.html},
 language = {Deutsch},
read = {Yes},
rating = {0},
date-added = {2011-12-07T15:17:26GMT+00:00},
date-modified = {2011-12-07T15:18:33GMT+00:00},
uri = {\url{papers2://publication/uuid/B41439A2-22F3-4134-9443-E54C4BA630DC}}
}

